<?xml version="1.0" encoding="UTF-8"?><record xmlns="http://www.loc.gov/MARC21/slim" xmlns:cinclude="http://apache.org/cocoon/include/1.0" xmlns:zs="http://www.loc.gov/zing/srw/">
  <leader>00436cz  a2200133n  4500</leader>
  <controlfield tag="001">n  80121607 </controlfield>
  <controlfield tag="003">DLC</controlfield>
  <controlfield tag="005">20090207081103.0</controlfield>
  <controlfield tag="008">800922n| acannaabn          |n aaa      </controlfield>
  <datafield tag="010" ind1=" " ind2=" ">
    <subfield code="a">n  80121607 </subfield>
  </datafield>
  <datafield tag="035" ind1=" " ind2=" ">
    <subfield code="a">(OCoLC)oca00502183</subfield>
  </datafield>
  <datafield tag="040" ind1=" " ind2=" ">
    <subfield code="a">DLC</subfield>
    <subfield code="b">eng</subfield>
    <subfield code="c">DLC</subfield>
    <subfield code="d">OCoLC</subfield>
  </datafield>
  <datafield tag="100" ind1="1" ind2=" ">
    <subfield code="a">SchmaĚdeke, Rolf</subfield>
  </datafield>
  <datafield tag="670" ind1=" " ind2=" ">
    <subfield code="a">Lehr, U. Lernen und berufliches Leistungsverhalten auf verschiedenen Stufen des Erwachsenenalters, 1979 (a.e.)</subfield>
    <subfield code="b">t.p. (Rolf SchmaĚdeke)</subfield>
  </datafield>
</record>